% This file was created with JabRef 2.10.
% Encoding: MacRoman

@article{bengio2009,
 author = {Bengio, Yoshua},
 title = {Learning Deep Architectures for AI},
 journal = {Found. Trends Mach. Learn.},
 issue_date = {January 2009},
 volume = {2},
 number = {1},
 month = jan,
 year = {2009},
 issn = {1935-8237},
 pages = {1--127},
 numpages = {127},
 publisher = {Now Publishers Inc.},
 address = {Hanover, MA, USA},
} 


@inproceedings{collobert,
  title={A unified architecture for natural language processing: Deep neural networks with multitask learning},
  author={Collobert, Ronan and Weston, Jason},
  booktitle={Proceedings of the 25th international conference on Machine learning},
  pages={160--167},
  year={2008},
  organization={ACM}
}

@inproceedings{erhan,
  title={The difficulty of training deep architectures and the effect of unsupervised pre-training},
  author={Erhan, Dumitru and Manzagol, Pierre-Antoine and Bengio, Yoshua and Bengio, Samy and Vincent, Pascal},
  booktitle={International Conference on Artificial Intelligence and Statistics},
  pages={153--160},
  year={2009}
}

@INPROCEEDINGS{maier, 
author={Maier, C. and Dickhaus, H. and Gittinger, J.}, 
booktitle={Computers in Cardiology, 1999}, 
title={Unsupervised morphological classification of QRS complexes}, 
year={1999}, 
month={}, 
pages={683-686}, 
keywords={correlation methods;electrocardiography;feature extraction;mathematical morphology;medical signal processing;pattern classification;MIT/BIH arrhythmia database;QRS complexes;computational demand;discriminatory power;feature sets;hierarchical cluster analysis;moderate signal quality;orthogonal series expansions;two step correlation technique;unsupervised morphological classification;Biomedical imaging;Cardiology;Discrete cosine transforms;Frequency;Heart rate variability;Humans;Image segmentation;Morphology;Pattern analysis;Spatial databases}, 
doi={10.1109/CIC.1999.826063}, 
ISSN={0276-6547},}

@ARTICLE{nishizawa,
year={1999},
issn={1340-6000},
journal={Optical Review},
volume={6},
number={4},
doi={10.1007/s10043-999-0302-2},
title={Hierarchical Clustering Method for Extraction of Knowledge from a Large Amount of Data},
url={http://dx.doi.org/10.1007/s10043-999-0302-2},
publisher={Springer-Verlag},
keywords={medical; knowledge; clustering; Parzen; ECG},
author={Nishizawa, Hidekazu and Obi, Takashi and Yamaguchi, Masahiro and Ohyama, Nagaaki},
pages={302-307},
}


@ARTICLE{stam, 
author={Stamkopoulos, T. and Diamantaras, K. and Maglaveras, N. and Strintzis, M.}, 
journal={Signal Processing, IEEE Transactions on}, 
title={ECG analysis using nonlinear PCA neural networks for ischemia detection}, 
year={1998}, 
month={Nov}, 
volume={46}, 
number={11}, 
pages={3058-3067}, 
keywords={electrocardiography;feature extraction;feedforward neural nets;medical signal processing;pattern classification;signal detection;ECG analysis;European ST-T database;ST segment;abnormal patterns;algorithm training phase;beat classification;correct classification rate;electrocardiogram;feature extraction;ischemia detection;ischemic cardiac beats;linear principal component analysis;multilayer neural network;nonlinear PCA neural networks;nonlinear principal component analysis;normal patterns;performance;radial basis function network;training set;Biomedical signal processing;Electrocardiography;Feature extraction;Ischemic pain;Multi-layer neural network;Neural networks;Patient monitoring;Principal component analysis;Radial basis function networks;Signal processing algorithms}, 
doi={10.1109/78.726818}, 
ISSN={1053-587X},}

@ARTICLE{lager, 
author={Lagerholm, M. and Peterson, C. and Braccini, G. and Edenbrandt, L. and Sornmo, L.}, 
journal={Biomedical Engineering, IEEE Transactions on}, 
title={Clustering ECG complexes using Hermite functions and self-organizing maps}, 
year={2000}, 
month={Jul}, 
volume={47}, 
number={7}, 
pages={838-848}, 
keywords={electrocardiography;medical signal processing;self-organising feature maps;ECG complexes clustering;Hermite functions;MIT-BIH arrhythmia database;conventional template cross-correlation clustering method;electrodiagnostics;integrated method;misclassification;supervised learning method;width parameter;Artificial neural networks;Clustering methods;Databases;Electrocardiography;Neural networks;Physics;Self organizing feature maps;Self-organizing networks;Signal processing;Supervised learning}, 
doi={10.1109/10.846677}, 
ISSN={0018-9294},}

@ARTICLE{can, 
author={Can Ye and Kumar, B.V.K.V. and Coimbra, M.T.}, 
journal={Biomedical Engineering, IEEE Transactions on}, 
title={Heartbeat Classification Using Morphological and Dynamic Features of ECG Signals}, 
year={2012}, 
month={Oct}, 
volume={59}, 
number={10}, 
pages={2930-2941}, 
keywords={electrocardiography;feature extraction;independent component analysis;medical signal processing;support vector machines;wavelet transforms;ECG lead;ECG signal dynamic feature;ECG signal morphological feature;RR interval information;automatic heartbeat classification;baseline MIT-BIH arrhythmia database;class-oriented evaluation;final classification decision;heartbeat classification;independent component analysis;subject-oriented evaluation;support vector machine classifier;wavelet transform;Databases;Electrocardiography;Feature extraction;Heart beat;Heart rate variability;Support vector machines;Training;Heartbeat classification;independent component analysis;support vector machine;wavelet transform;Arrhythmias, Cardiac;Databases, Factual;Electrocardiography, Ambulatory;Heart Rate;Humans;Principal Component Analysis;Support Vector Machines;Wavelet Analysis}, 
doi={10.1109/TBME.2012.2213253}, 
ISSN={0018-9294},}

@ARTICLE{chia,
title = "Detection of cardiac arrhythmia in electrocardiograms using adaptive feature extraction and modified support vector machines ",
journal = "Expert Systems with Applications ",
volume = "39",
number = "9",
pages = "7845 - 7852",
year = "2012",
note = "",
issn = "0957-4174",
author = "Chia-Ping Shen and Wen-Chung Kao and Yueh-Yiing Yang and Ming-Chai Hsu and Yuan-Ting Wu and Feipei Lai",

}



@ARTICLE{khandoker, 
author={Khandoker, AH. and Palaniswami, M. and Karmakar, C.K.}, 
journal={Information Technology in Biomedicine, IEEE Transactions on}, 
title={Support Vector Machines for Automated Recognition of Obstructive Sleep Apnea Syndrome From ECG Recordings}, 
year={2009}, 
month={Jan}, 
volume={13}, 
number={1}, 
pages={37-48}, 
keywords={bioinformatics;electrocardiography;feature extraction;learning (artificial intelligence);medical signal processing;pattern classification;pneumodynamics;sleep;support vector machines;wavelet transforms;ECG derived respiration;EDR;HRV;QRS amplitude;R waves;RR intervals;SVM;apnea index;automated OSAS recognition;cardiovascular morbidity;feature extraction;heart rate variability;hypopnea index;leave one out technique;machine learning technique;maximum classification accuracy;nocturnal ECG recordings;obstructive sleep apnea syndrome;support vector machines;wavelet decomposition;ECG-derived respiration (EDR);heart rate variability (HRV);obstructive sleep apnea;support vector machines (SVMs);wavelet;Adult;Aged;Algorithms;Artificial Intelligence;Bayes Theorem;Diagnosis, Computer-Assisted;Diagnostic Errors;Electrocardiography;Electrocardiography, Ambulatory;Female;Heart Rate;Humans;Male;Middle Aged;Pattern Recognition, Automated;ROC Curve;Reproducibility of Results;Sensitivity and Specificity;Sleep Apnea, Obstructive}, 
doi={10.1109/TITB.2008.2004495}, 
ISSN={1089-7771},}

@ARTICLE{zhu, 
author={Yi Zhu and Shayan, A and Wanping Zhang and Tong Lee Chen and Tzyy-Ping Jung and Jeng-Ren Duann and Makeig, S. and Chung-Kuan Cheng}, 
journal={Biomedical Engineering, IEEE Transactions on}, 
title={Analyzing High-Density ECG Signals Using ICA}, 
year={2008}, 
month={Nov}, 
volume={55}, 
number={11}, 
pages={2528-2537}, 
keywords={electrocardiography;independent component analysis;medical signal processing;patient diagnosis;cardiac diagnosis;heart;high-density ECG signals;independent component analysis;Blind source separation;Computer science;Electric variables measurement;Electrocardiography;Electrodes;Heart;Independent component analysis;Noninvasive treatment;Principal component analysis;Rhythm;Signal analysis;Source separation;Blind signal separation;ECG;high-density surface ECG;independent component analysis (ICA);noninvasive imaging;Algorithms;Diagnosis, Computer-Assisted;Electrocardiography;Heart;Humans;Principal Component Analysis;Reproducibility of Results;Sensitivity and Specificity}, 
doi={10.1109/TBME.2008.2001262}, 
ISSN={0018-9294},}

@ARTICLE{kundu, 
author={Kundu, M. and Nasipuri, M. and Basu, D.K.}, 
journal={Systems, Man, and Cybernetics, Part B: Cybernetics, IEEE Transactions on}, 
title={A knowledge-based approach to ECG interpretation using fuzzy logic}, 
year={1998}, 
month={Apr}, 
volume={28}, 
number={2}, 
pages={237-243}, 
keywords={electrocardiography;fuzzy logic;medical expert systems;medical signal processing;ECG interpretation;GMP;bioelectric signals;fuzzy logic;generalized modus ponens;inference;input ECG patterns;rhythm disorder;rule-based expert system;rulebase;Bioelectric phenomena;Cardiology;Computer science;Diagnostic expert systems;Electrocardiography;Fuzzy logic;Heart beat;Humans;Pattern analysis;Rhythm}, 
doi={10.1109/3477.662764}, 
ISSN={1083-4419},}

@ARTICLE{osowski, 
author={Osowski, Stainslaw and Tran Hoai Linh}, 
journal={Biomedical Engineering, IEEE Transactions on}, 
title={ECG beat recognition using fuzzy hybrid neural network}, 
year={2001}, 
month={Nov}, 
volume={48}, 
number={11}, 
pages={1265-1271}, 
keywords={electrocardiography;fuzzy neural nets;higher order statistics;medical signal processing;multilayer perceptrons;ECG beat recognition;Gustafson-Kessel algorithm;c-means algorithm;classification algorithm;electrodiagnostics;fourth order;fuzzy hybrid neural network;heart beats classification;second order;third order;Classification algorithms;Electric variables measurement;Electrocardiography;Fuzzy neural networks;Heart beat;Helium;Higher order statistics;Morphology;Multilayer perceptrons;Neural networks}, 
doi={10.1109/10.959322}, 
ISSN={0018-9294},}

@ARTICLE{lin, 
author={Che-Wei Lin and Yang, Y.-T.C. and Jeen-Shing Wang and Yi-Ching Yang}, 
journal={Information Technology in Biomedicine, IEEE Transactions on}, 
title={A Wearable Sensor Module With a Neural-Network-Based Activity Classification Algorithm for Daily Energy Expenditure Estimation}, 
year={2012}, 
month={Sept}, 
volume={16}, 
number={5}, 
pages={991-998}, 
keywords={biomechanics;body sensor networks;electrocardiography;feature extraction;medical signal processing;radial basis function networks;ECG signal data;EER models;GRNN;RBFN;basis function network;daily energy expenditure estimation;data collection;data preprocessing;energy expenditure regression;feature selection;generalized regression neural network;neural-network-based activity classification algorithm;physical activities;wearable sensor modules;Acceleration;Classification algorithms;Electrocardiography;Estimation;Heart rate;Low pass filters;Wearable sensors;Accelerometer;electrocardiogram (ECG);energy expenditure;feature selection;generalized regression neural network (GRNN);radial basis function network (RBFN);Accelerometry;Adult;Algorithms;Clothing;Electrocardiography;Energy Metabolism;Female;Human Activities;Humans;Male;Monitoring, Ambulatory;Motor Activity;Neural Networks (Computer);Regression Analysis;Signal Processing, Computer-Assisted}, 
doi={10.1109/TITB.2012.2206602}, 
ISSN={1089-7771},}

@ARTICLE{olmez, 
author={Olmez, T.}, 
journal={Electronics Letters}, 
title={Classification of ECG waveforms by using RCE neural network and genetic algorithms}, 
year={1997}, 
month={Aug}, 
volume={33}, 
number={18}, 
pages={1561-1562}, 
keywords={electrocardiography;genetic algorithms;medical signal processing;neural nets;pattern classification;waveform analysis;electrocardiogram waveform classification;genetic algorithm;hypersphere;optimisation;restricted Coulomb energy neural network}, 
doi={10.1049/el:19971019}, 
ISSN={0013-5194},}

@ARTICLE{melgan, 
author={Melgani, F. and Bazi, Y.}, 
journal={Information Technology in Biomedicine, IEEE Transactions on}, 
title={Classification of Electrocardiogram Signals With Support Vector Machines and Particle Swarm Optimization}, 
year={2008}, 
month={Sept}, 
volume={12}, 
number={5}, 
pages={667-677}, 
keywords={electrocardiography;medical image processing;particle swarm optimisation;support vector machines;ECG beat automatic classification;Massachusetts Institute of Technology-Beth Israel Hospital;PSO-SVM classification system;SVM classifier;SVM generalization capability;arrhythmia database;eectrocardiogram signal classification;particle swarm optimization;support vector machines;ECG signal classification;Electrocardiogram (ECG) signal classification;feature detection;feature reduction;generalization capability;model selection issue;particle swarm optimization (PSO);support vector machine (SVM);Algorithms;Arrhythmias, Cardiac;Artificial Intelligence;Diagnosis, Computer-Assisted;Electrocardiography;Humans;Pattern Recognition, Automated;Reproducibility of Results;Sensitivity and Specificity}, 
doi={10.1109/TITB.2008.923147}, 
ISSN={1089-7771},}

@ARTICLE{mar, 
author={Mar, T. and Zaunseder, S. and Martínez, J.P. and Llamedo, M. and Poll, R.}, 
journal={Biomedical Engineering, IEEE Transactions on}, 
title={Optimization of ECG Classification by Means of Feature Selection}, 
year={2011}, 
month={Aug}, 
volume={58}, 
number={8}, 
pages={2168-2177}, 
}

@INPROCEEDINGS{tadejko, 
author={Tadejko, P. and Rakowski, W.}, 
booktitle={EUROCON, 2007. The International Conference on Computer as a Tool}, 
title={Hybrid wavelet-mathematical morphology feature extraction for heartbeat classification}, 
year={2007}, 
month={Sept}, 
pages={127-132}, 
}

@INPROCEEDINGS{risk, 
author={Risk, M.R. and Sobh, J.F. and Saul, J.P.}, 
booktitle={Engineering in Medicine and Biology Society, 1997. Proceedings of the 19th Annual International Conference of the IEEE}, 
title={Beat detection and classification of ECG using self organizing maps}, 
year={1997}, 
month={Oct}, 
volume={1}, 
pages={89-91 vol.1}, 
}

@INPROCEEDINGS{palreddy, 
author={Palreddy, S. and Tompkins, Willis J. and Yu Hen Hu}, 
booktitle={Engineering in Medicine and Biology Society, 1995., IEEE 17th Annual Conference}, 
title={Customization of ECG beat classifiers developed using SOM and LVQ}, 
year={1995}, 
month={Sep}, 
volume={1}, 
pages={813-814 vol.1}, 
}





@ARTICLE{andreao,
  Title                    = {ECG signal analysis through hidden Markov models},
  Author                   = {Andreao, R.V. and Dorizzi, B. and Boudy, J.},
  Journal                  = {Biomedical Engineering, IEEE Transactions on},
  Year                     = {2006},
  Number                   = {8},
  Pages                    = {1541-1549},
  Volume                   = {53},

}

@ARTICLE{banerjee,
  Title                    = {Application of Cross Wavelet Transform for ECG Pattern Analysis and Classification},
  Author                   = {Banerjee, S. and Mitra, M.},
  Journal                  = {IEEE Transactions on Instrumentation and Measurement},
  Year                     = {2014},
  Number                   = {2},
  Pages                    = {326-333},
  Volume                   = {63}
}

@ARTICLE{chaza,
  Title                    = {Automatic classification of heartbeats using ECG morphology and heartbeat interval features},
  Author                   = {de Chazal, P. and O'Dwyer, M. and Reilly, R.B.},
  Journal                  = {IEEE Transactions on Biomedical Engineering},
  Year                     = {2004},
  Number                   = {7},
  Pages                    = {1196-1206},
  Volume                   = {51}
}

@ARTICLE{christove,
  Title                    = {Comparative study of morphological and time frequency ECG descriptors for heartbeat classification},
  Author                   = {Christov, I. and Gomez-Herrero, G. and Krasteva, I. and Jekova, I. and Gotchev, A. and Egiazarian, K},
  Journal                  = {Medical Engineering \& Physics},
  Year                     = {2006},
  Number                   = {9},
  Pages                    = {876-887},
  Volume                   = {28}
}

@InProceedings{chu,
  Title                    = {Comparison of seven approaches for holter ECG clustering and classification},
  Author                   = {Chudacek, V. and Petrik, M. and Georgoulas, G. and Cepek, M. and Lhotska, L. and Stylios, C.},
  Booktitle                = {Engineering in Medicine and Biology Society, 2007. EMBS 2007. 29th Annual International Conference of the IEEE},
  Year                     = {2007},
  Month                    = {Aug},
  Pages                    = {3844-3847}
}

@Book{clifford,
  Title                    = {Advanced Methods And Tools for ECG Data Analysis},
  Author                   = {Clifford, Gari D. and Azuaje, Francisco and McSharry, Patrick},
  Publisher                = {Artech House, Inc.},
  Year                     = {2006},

  Address                  = {Norwood, MA, USA},

  ISBN                     = {1580539661}
}

@ARTICLE{coast,
  Title                    = {An approach to cardiac arrhythmia analysis using hidden Markov models},
  Author                   = {Coast, D.A and Stern, R.M. and Cano, G.G. and Briller, S.A},
  Journal                  = {Biomedical Engineering, IEEE Transactions on},
  Year                     = {1990},
  Number                   = {9},
  Pages                    = {826-836},
  Volume                   = {37},

  Doi                      = {10.1109/10.58593},
  ISSN                     = {0018-9294},
  
}

@ARTICLE{physionet,
  Title                    = {{PhysioBank, PhysioToolkit, and PhysioNet}: Components of a New
 Research Resource for Complex Physiologic Signals},
  Author                   = {Goldberger, A. L. and Amaral, L. A. N. and Glass, L. and
 Hausdorff, J. M. and Ivanov, P. Ch. and Mark, R. G. and
 Mietus, J. E. and Moody, G. B. and Peng, C.-K. and Stanley, H. E.},
  Journal                  = {Circulation},
  Year                     = {2000 (June 13)},
  Number                   = {23},
  Pages                    = {e215--e220},
  Volume                   = {101}
}

@ARTICLE{hu,
  Title                    = {A patient-adaptable ECG beat classifier using a mixture of experts approach},
  Author                   = {Yu-Hen Hu and Palreddy, S. and Tompkins, Willis J.},
  Journal                  = {Biomedical Engineering, IEEE Transactions on},
  Year                     = {1997},

  Month                    = {Sept},
  Number                   = {9},
  Pages                    = {891-900},
  Volume                   = {44}
}

@ARTICLE{inan,
  Title                    = {Robust neural-network-based classification of premature ventricular contractions using wavelet transform and timing interval features},
  Author                   = {Inan, O. T. and Giovangrandi, L. and Kovacs, G. T. A},
  Journal                  = {IEEE Transactions on Biomedical Engineering},
  Year                     = {2006},
  Number                   = {12},
  Pages                    = {2507-2515},
  Volume                   = {53}
}

@ARTICLE{jekova,
  Title                    = {Assessment and comparison of different methods for heartbeat classification},
  Author                   = {Jekova, I. and Bortolan, G. and Christov, I},
  Journal                  = {Medical Engineering \& Physics},
  Year                     = {2008},
  Number                   = {2},
  Pages                    = {248-257},
  Volume                   = {30}
}

@ARTICLE{jiang,
  Title                    = {Block-Based Neural Networks for Personalized ECG Signal Classification},
  Author                   = {Wei Jiang and Kong, S.G.},
  Journal                  = {Neural Networks, IEEE Transactions on},
  Year                     = {2007},
  Number                   = {6},
  Pages                    = {1750-1761},
  Volume                   = {18}
}

@ARTICLE{kampoura,
  Title                    = {Heartbeat Time Series Classification With Support Vector Machines},
  Author                   = {Kampouraki, A and Manis, G. and Nikou, C.},
  Journal                  = {Information Technology in Biomedicine, IEEE Transactions on},
  Year                     = {2009},
  Number                   = {4},
  Pages                    = {512-518},
  Volume                   = {13},

  Doi                      = {10.1109/TITB.2008.2003323},
  ISSN                     = {1089-7771},
  }