%1
@inproceedings{Burke,
  title={ECG analysis using the Mexican-Hat wavelet},
  author={Burke, MJ and Nasor, M},
  booktitle={Int. Conf. Multirate Systems \& Wavelet Analysis},
  pages={1-6},
  year={2012},
  organization={Citeseer},
}

%2
@inproceedings{Tadejko,
  title={Hybrid wavelet-mathematical morphology feature extraction for heartbeat classification},
  author={Tadejko, Pawel and Rakowski, Waldemar},
  booktitle={EUROCON, 2007. The International Conference on \&\# 34; Computer as a Tool\&\# 34;},
  pages={127-132},
  year={2007},
  organization={IEEE},
}

%3
@inproceedings{Palreddy,
  title={Customization of ECG beat classifiers developed using SOM and LVQ},
  author={Palreddy, S and Tompkins, Willis J and Hu, Yu Hen},
  booktitle={Engineering in Medicine and Biology Society, 1995., IEEE 17th Annual Conference},
  volume={1},
  pages={813-814},
  year={1995},
  organization={IEEE},
}

%4
@article{Banerjee,
  title={Application of cross wavelet transform for ECG pattern analysis and classification},
  author={Banerjee, Swati and Mitra, Madhuchhanda},
  journal={Instrumentation and Measurement, IEEE Transactions on},
  volume={63},
  number={2},
  pages={326-333},
  year={2014},
  publisher={IEEE},
}

%5
@article{Can,
  title={Heartbeat classification using morphological and dynamic features of ECG signals},
  author={Ye, Can and Kumar, BVK Vijaya and Coimbra, Miguel Tavares},
  journal={Biomedical Engineering, IEEE Transactions on},
  volume={59},
  number={10},
  pages={2930-2941},
  year={2012},
  publisher={IEEE}
}

%6
@article{Mar,
  title={Optimization of ECG classification by means of feature selection},
  author={Mar, Tanis and Zaunseder, Sebastian and Martinez, Juan Pablo and Llamedo, Mariano and Poll, R{\"u}diger},
  journal={Biomedical Engineering, IEEE Transactions on},
  volume={58},
  number={8},
  pages={2168-2177},
  year={2011},
  publisher={IEEE}
}

%7
@article{Chaza,
  title={Automatic classification of heartbeats using ECG morphology and heartbeat interval features},
  author={De Chazal, Philip and O'Dwyer, Maria and Reilly, Richard B},
  journal={Biomedical Engineering, IEEE Transactions on},
  volume={51},
  number={7},
  pages={1196-1206},
  year={2004},
  publisher={IEEE}
}

%8
@article{Ataollah,
  title={Classification of the electrocardiogram signals using supervised classifiers and efficient features},
  author={Zadeh, Ataollah Ebrahim and Khazaee, Ali and Ranaee, Vahid},
  journal={computer methods and programs in biomedicine},
  volume={99},
  number={2},
  pages={179--194},
  year={2010},
  publisher={Elsevier}
}
%9
@article{Andreao,
  title={ECG signal analysis through hidden Markov models},
  author={Andre{\~a}o, Rodrigo Varej{\~a}o and Dorizzi, Bernadette and Boudy, J{\'e}r{\^o}me},
  journal={Biomedical Engineering, IEEE Transactions on},
  volume={53},
  number={8},
  pages={1541--1549},
  year={2006},
  publisher={IEEE}
}

%10
@article{Asl,
  title={Support vector machine-based arrhythmia classification using reduced features of heart rate variability signal},
  author={Asl, Babak Mohammadzadeh and Setarehdan, Seyed Kamaledin and Mohebbi, Maryam},
  journal={Artificial intelligence in medicine},
  volume={44},
  number={1},
  pages={51--64},
  year={2008},
  publisher={Elsevier}
}
%11
@article{Melgani,
  title={Classification of electrocardiogram signals with support vector machines and particle swarm optimization},
  author={Melgani, Farid and Bazi, Yakoub},
  journal={Information Technology in Biomedicine, IEEE Transactions on},
  volume={12},
  number={5},
  pages={667--677},
  year={2008},
  publisher={IEEE}
}

%12
@article{Sung,
  title={Integration of independent component analysis and neural networks for ECG beat classification},
  author={Yu, Sung-Nien and Chou, Kuan-To},
  journal={Expert Systems with Applications},
  volume={34},
  number={4},
  pages={2841--2846},
  year={2008},
  publisher={Elsevier}
}
%13
@article{Hu,
  title={Applications of artificial neural networks for ECG signal detection and classification},
  author={Hu, Yu Hen and Tompkins, Willis J and Urrusti, Jose L and Afonso, Valtino X and others},
  journal={Journal of electrocardiology},
  volume={26},
  pages={66--73},
  year={1993},
  publisher={South Burlington, Vt.: Research in Electrocardiology, Inc., 1968-}
}
%14
@inproceedings{Krishna,
  title={Classification of ECG arrhythmias using multi-resolution analysis and neural networks},
  author={Prasad, G Krishna and Sahambi, JS},
  booktitle={TENCON 2003. Conference on Convergent Technologies for the Asia-Pacific Region},
  volume={1},
  pages={227--231},
  year={2003},
  organization={IEEE}
}

%15
@article{Osowski,
  title={ECG beat recognition using fuzzy hybrid neural network},
  author={Osowski, Stainslaw and Linh, Tran Hoai},
  journal={Biomedical Engineering, IEEE Transactions on},
  volume={48},
  number={11},
  pages={1265--1271},
  year={2001},
  publisher={IEEE}
}

%16
@article{Karpa,
  title={Classification of ECG signals using extreme Learning Machine},
  author={Karpagachelvi, S and Arthanari, M and Sivakumar, M},
  journal={computer and information science},
  volume={4},
  number={1},
  pages={p42},
  year={2011}
}

%17
@article{Majid,
  title={A qualitative comparison of artificial neural networks and support vector machines in ECG arrhythmias classification},
  author={Moavenian, Majid and Khorrami, Hamid},
  journal={Expert Systems with Applications},
  volume={37},
  number={4},
  pages={3088--3093},
  year={2010},
  publisher={Elsevier}
}

%18
@inproceedings{Chu,
  title={Comparison of seven approaches for holter ECG clustering and classification},
  author={Chudacek, Vaclav and Petr{\'\i}k, Milan and Georgoulas, George and Cepek, Miroslav and Lhotsk{\'a}, Lenka and Stylios, Chrysostomos},
  booktitle={Engineering in Medicine and Biology Society, 2007. EMBS 2007. 29th Annual International Conference of the IEEE},
  pages={3844--3847},
  year={2007},
  organization={IEEE}
}

%19
@article{Ruslan,
 author = {Ruslan Salakhutdinov, Geoffrey Hinton},
 title = {Deep Boltzmann Machines},
 journal = {The Journal of Machine Learning Research},
 issue_date = {Apr 2009},
 volume = {5},
 year = {2009},
 pages = {448-455},
 issn = {1532-4435},
 publisher = {MIT Press},
} 

%20
@incollection{Geoffrey,
  title={A practical guide to training restricted boltzmann machines},
  author={Hinton, Geoffrey E},
  booktitle={Neural Networks: Tricks of the Trade},
  pages={599--619},
  year={2012},
  publisher={Springer}
}

%21
@incollection{Leon,
  title={Large-scale machine learning with stochastic gradient descent},
  author={Bottou, L{\'e}on},
  booktitle={Proceedings of COMPSTAT'2010},
  pages={177--186},
  year={2010},
  publisher={Springer}
}

%22
@article{Juergen,
  title={Deep learning in neural networks: An overview},
  author={Schmidhuber, J{\"u}rgen},
  journal={Neural Networks},
  volume={61},
  pages={85--117},
  year={2015},
  publisher={Elsevier}
}

%23
@incollection{James,
  title={Training deep and recurrent networks with hessian-free optimization},
  author={Martens, James and Sutskever, Ilya},
  booktitle={Neural Networks: Tricks of the Trade},
  pages={479--535},
  year={2012},
  publisher={Springer}
}

%24
@article{Xue,
  title={Big Data Deep Learning: Challenges and Perspectives},
  author={Chen, X and Lin, XIAOTONG},
  year={2014},
  publisher={IEEE}
}

%25
@article{Bengio2007,
  title={Greedy layer-wise training of deep networks},
  author={Bengio, Yoshua and Lamblin, Pascal and Popovici, Dan and Larochelle, Hugo and others},
  journal={Advances in neural information processing systems},
  volume={19},
  pages={153},
  year={2007},
  publisher={MIT; 1998}
}

%26
@article{Bengio2009,
  title={Learning deep architectures for AI},
  author={Bengio, Yoshua},
  journal={Foundations and trends{\textregistered} in Machine Learning},
  volume={2},
  number={1},
  pages={1--127},
  year={2009},
  publisher={Now Publishers Inc.}
}

%27
@article{Basheer,
title = "Artificial neural networks: fundamentals, computing, design, and application ",
journal = "Journal of Microbiological Methods ",
volume = "43",
number = "1",
pages = "3 - 31",
year = "2000",
note = "Neural Computting in Micrbiology ",
issn = "0167-7012",
doi = "http://dx.doi.org/10.1016/S0167-7012(00)00201-3",
url = "http://www.sciencedirect.com/science/article/pii/S0167701200002013",
author = "I.A Basheer and M Hajmeer",
}

%28
@article{Van,
  title={Visualizing data using t-SNE},
  author={Van der Maaten, Laurens and Hinton, Geoffrey},
  journal={Journal of Machine Learning Research},
  volume={9},
  number={2579-2605},
  pages={85},
  year={2008}
}
%29
@article{Goldberger,
 author = "Goldberger, A. L. and Amaral, L. A. N. and Glass, L. and
	   Hausdorff, J. M. and Ivanov, P. Ch. and Mark, R. G. and
	   Mietus, J. E. and Moody, G. B. and Peng, C.-K. and Stanley, H. E.",
 title = "{PhysioBank, PhysioToolkit, and PhysioNet}: Components of a New
	  Research Resource for Complex Physiologic Signals",
 journal = "Circulation",
 year = "2000 (June 13)",
 volume = "101",
 number = "23",
 pages = "e215--e220",
}

%30
@article{Hinton02,
  title={Training products of experts by minimizing contrastive divergence},
  author={Hinton, Geoffrey},
  journal={Neural computation},
  volume={14},
  number={8},
  pages={1771--1800},
  year={2002},
  publisher={MIT Press}
}
%31
@article{Peng,
  title={An introduction to logistic regression analysis and reporting},
  author={Peng, Chao-Ying Joanne and Lee, Kuk Lida and Ingersoll, Gary M},
  journal={The Journal of Educational Research},
  volume={96},
  number={1},
  pages={3--14},
  year={2002},
  publisher={Taylor \& Francis}
}

