% bmc_article.bib
% 
%  An example of bibtex entries.
%  Entries taken from BMC instructions for authors page.

@inproceedings{ngiam2011optimization,
  title={On optimization methods for deep learning},
  author={Ngiam, Jiquan and Coates, Adam and Lahiri, Ahbik and Prochnow, Bobby and Le, Quoc V and Ng, Andrew Y},
  booktitle={Proceedings of the 28th International Conference on Machine Learning (ICML-11)},
  pages={265--272},
  year={2011}
}

@article{ufldl,
    author = {Ng, Andrew and Ngiam, Jiquan and Foo, Chuan Y. and Mai, Yifan and Suen, Caroline},
    citeulike-article-id = {10240147},
    journal = {http://ufldl.stanford.edu/wiki/index.php/UFLDL\_Tutorial},
    posted-at = {2012-01-18 18:40:44},
    priority = {2},
    title = {{UFLDL Tutorial}},
    year = {2010}
}


@inproceedings{zou2012deep,
  title={Deep learning of invariant features via simulated fixations in video},
  author={Zou, Will and Zhu, Shenghuo and Yu, Kai and Ng, Andrew Y},
  booktitle={Advances in Neural Information Processing Systems},
  pages={3212--3220},
  year={2012}
}

@book{bishop2006pattern,
  title={Pattern recognition and machine learning},
  author={Bishop, Christopher M and others},
  volume={4},
  number={4},
  year={2006},
  publisher={springer New York}
}

@article{bengio2009learning,
  title={Learning deep architectures for AI},
  author={Bengio, Yoshua},
  journal={Foundations and trends{\textregistered} in Machine Learning},
  volume={2},
  number={1},
  pages={1--127},
  year={2009},
  publisher={Now Publishers Inc.}
}

@article{bengio2007greedy,
  title={Greedy layer-wise training of deep networks},
  author={Bengio, Yoshua and Lamblin, Pascal and Popovici, Dan and Larochelle, Hugo and others},
  journal={Advances in neural information processing systems},
  volume={19},
  pages={153},
  year={2007},
  publisher={MIT; 1998}
}

@article{hinton2006reducing,
  title={Reducing the dimensionality of data with neural networks},
  author={Hinton, Geoffrey E and Salakhutdinov, Ruslan R},
  journal={Science},
  volume={313},
  number={5786},
  pages={504--507},
  year={2006},
  publisher={American Association for the Advancement of Science}
}

@book{duda2012pattern,
  title={Pattern classification},
  author={Duda, Richard O and Hart, Peter E and Stork, David G},
  year={2012},
  publisher={John Wiley \& Sons}
}


@book{clifford2006advanced,
  title={Advanced methods and tools for ECG data analysis},
  author={Clifford, Gari D and Azuaje, Francisco and McSharry, Patrick and others},
  year={2006},
  publisher={Artech House},
  address={Boston}
}

@article{mar2011optimization,
  title={Optimization of ECG classification by means of feature selection},
  author={Mar, Tanis and Zaunseder, Sebastian and Martinez, Juan Pablo and Llamedo, Mariano and Poll, R{\"u}diger},
  journal={Biomedical Engineering, IEEE Transactions on},
  volume={58},
  number={8},
  pages={2168--2177},
  year={2011},
  publisher={IEEE}
}

@webpage{clifford2006web,
	title  = {Advanced Tools for ECG Analysis},
	author = {Clifford, Gari D and Azuaje, Francisco and McScharry},
	url = {http://www.ecgtools.org/},
	year={2006},
	month={September}
}

@book{silva2011dsp,
  title={A DSP Practical Application: Working on ECG Signal},
  author={Silva, Cristian Vidal and Philominraj, Andrew and del R{\'\i}o, Carolina},
  year={2011},
  publisher={INTECH Open Access Publisher},
  address={}
}

@article{ai1996studies,
  title={[Studies on the time domain and power spectrum of high frequency ECG in normal mice]},
  author={Ai, HB and Cui, XY and Tang, L and Zhu, WP and Ning, XB and Yang, XX},
  journal={Sheng li xue bao:[Acta physiologica Sinica]},
  volume={48},
  number={5},
  pages={512--516},
  year={1996}
}

@article{andreao2006ecg,
  title={ECG signal analysis through hidden Markov models},
  author={Andre{\~a}o, Rodrigo Varej{\~a}o and Dorizzi, Bernadette and Boudy, J{\'e}r{\^o}me},
  journal={Biomedical Engineering, IEEE Transactions on},
  volume={53},
  number={8},
  pages={1541--1549},
  year={2006},
  publisher={IEEE}
}

@inproceedings{vullings1998automated,
  title={Automated ECG segmentation with dynamic time warping},
  author={Vullings, HJLM and Verhaegen, MHG and Verbruggen, H},
  booktitle={Engineering in Medicine and Biology Society, 1998. Proceedings of the 20th Annual International Conference of the IEEE},
  pages={163--166},
  year={1998},
  organization={IEEE}
}

@incollection{vullings1997ecg,
  title={ECG segmentation using time-warping},
  author={Vullings, HJLM and Verhaegen, MHG and Verbruggen, Henk B},
  booktitle={Advances in Intelligent Data Analysis Reasoning about Data},
  pages={275--285},
  year={1997},
  publisher={Springer}
}

@article{sayadi2009model,
  title={A model-based Bayesian framework for ECG beat segmentation},
  author={Sayadi, O and Shamsollahi, MB},
  journal={Physiological Measurement},
  volume={30},
  number={3},
  pages={335},
  year={2009},
  publisher={IOP Publishing}
}

@article{zigel2000weighted,
  title={The weighted diagnostic distortion (WDD) measure for ECG signal compression},
  author={Zigel, Yaniv and Cohen, Arnon and Katz, Amos},
  journal={Biomedical Engineering, IEEE Transactions on},
  volume={47},
  number={11},
  pages={1422--1430},
  year={2000},
  publisher={IEEE}
}

@article{de2004automatic,
  title={Automatic classification of heartbeats using ECG morphology and heartbeat interval features},
  author={De Chazal, Philip and O'Dwyer, Maria and Reilly, Richard B},
  journal={Biomedical Engineering, IEEE Transactions on},
  volume={51},
  number={7},
  pages={1196--1206},
  year={2004},
  publisher={IEEE}
}

@article{gacek2003genetic,
  title={A genetic segmentation of ECG signals},
  author={Gacek, Adam and Pedrycz, Witold},
  journal={Biomedical Engineering, IEEE Transactions on},
  volume={50},
  number={10},
  pages={1203--1208},
  year={2003},
  publisher={IEEE}
}

@article{blanco2008ecg,
  title={ECG signal denoising and baseline wander correction based on the empirical mode decomposition},
  author={Blanco-Velasco, Manuel and Weng, Binwei and Barner, Kenneth E},
  journal={Computers in biology and medicine},
  volume={38},
  number={1},
  pages={1--13},
  year={2008},
  publisher={Elsevier}
}

@inproceedings{mark1982annotated,
  title={An annotated ECG database for evaluating arrhythmia detectors},
  author={Mark, RG and Schluter, PS and Moody, G and Devlin, P and Chernoff, D},
  booktitle={IEEE Transactions on Biomedical Engineering},
  volume={29},
  number={8},
  pages={600--600},
  year={1982}
  }

@inproceedings{moody1990bih,
  title={The MIT-BIH arrhythmia database on CD-ROM and software for use with it},
  author={Moody, George B and Mark, Roger G},
  booktitle={Computers in Cardiology 1990, Proceedings.},
  pages={185--188},
  year={1990}
} 









@inproceedings{erhan,
  title={The difficulty of training deep architectures and the effect of unsupervised pre-training},
  author={Erhan, Dumitru and Manzagol, Pierre-Antoine and Bengio, Yoshua and Bengio, Samy and Vincent, Pascal},
  booktitle={International Conference on Artificial Intelligence and Statistics},
  pages={153--160},
  year={2009}
}


@inproceedings{collobert,
  title={A unified architecture for natural language processing: Deep neural networks with multitask learning},
  author={Collobert, Ronan and Weston, Jason},
  booktitle={Proceedings of the 25th international conference on Machine learning},
  pages={160-167},
  year={2008},
  organization={ACM}
}

