% bmc_article.bib
% 
%  An example of bibtex entries.
%  Entries taken from BMC instructions for authors page.

@article{banerjee2014app,
  title={Application of cross wavelet transform for ECG pattern analysis and classification},
  author={Banerjee, Swati and Mitra, Madhuchhanda},
  journal={IEEE Transactions on Instrumentation and Measurement},
  volume={63},
  number={2},
  pages={326-333},
  year={2014},
  publisher={IEEE},
}

@article{can2012heartbeat,
  title={Heartbeat classification using morphological and dynamic features of ECG signals},
  author={Ye, Can and Kumar, BVK Vijaya and Coimbra, Miguel Tavares},
  journal={IEEE Transactions on Biomedical Engineering},
  volume={59},
  number={10},
  pages={2930-2941},
  year={2012},
  publisher={IEEE}
}

%
@inproceedings{tadejko2007,
  title={Hybrid wavelet-mathematical morphology feature extraction for heartbeat classification},
  author={Tadejko, Pawel and Rakowski, Waldemar},
  booktitle={EUROCON, 2007. The International Conference on \&\# 34; Computer as a Tool\&\# 34;},
  pages={127-132},
  year={2007},
  organization={IEEE},
}

@inproceedings{carreira2005contrastive,
  title={On contrastive divergence learning},
  author={Carreira-Perpinan, Miguel A and Hinton, Geoffrey E},
  booktitle={Proceedings of the tenth international workshop on artificial intelligence and statistics},
  pages={33--40},
  year={2005},
  organization={Citeseer}
}

@article{jurgen2015review,
  title={Deep learning in neural networks: An overview},
  author={Schmidhuber, J{\"u}rgen},
  journal={Neural Networks},
  volume={61},
  pages={85--117},
  year={2015},
  publisher={Elsevier}
}

@article{liu1989limited,
  title={On the limited memory BFGS method for large scale optimization},
  author={Liu, Dong C and Nocedal, Jorge},
  journal={Mathematical programming},
  volume={45},
  number={1-3},
  pages={503--528},
  year={1989},
  publisher={Springer}
}

@inproceedings{andrew2007scalable,
  title={Scalable training of L 1-regularized log-linear models},
  author={Andrew, Galen and Gao, Jianfeng},
  booktitle={Proceedings of the 24th international conference on Machine learning},
  pages={33--40},
  year={2007},
  organization={ACM}
}

@article{peng2002intro,
  title={An introduction to logistic regression analysis and reporting},
  author={Peng, Chao-Ying Joanne and Lee, Kuk Lida and Ingersoll, Gary M},
  journal={The Journal of Educational Research},
  volume={96},
  number={1},
  pages={3--14},
  year={2002},
  publisher={Taylor \& Francis}
}


@article{hinton2002training,
  title={Training products of experts by minimizing contrastive divergence},
  author={Hinton, Geoffrey},
  journal={Neural computation},
  volume={14},
  number={8},
  pages={1771--1800},
  year={2002},
  publisher={MIT Press}
}

@incollection{leon2010large,
  title={Large-scale machine learning with stochastic gradient descent},
  author={Bottou, L{\'e}on},
  booktitle={Proceedings of COMPSTAT'2010},
  pages={177--186},
  year={2010},
  publisher={Springer}
}

@incollection{fischer2012introduction,
  title={An introduction to restricted Boltzmann machines},
  author={Fischer, Asja and Igel, Christian},
  booktitle={Progress in Pattern Recognition, Image Analysis, Computer Vision, and Applications},
  pages={14--36},
  year={2012},
  publisher={Springer}
}

@book{clifford2006advanced,
  title={Advanced methods and tools for ECG data analysis},
  author={Clifford, Gari D and Azuaje, Francisco and McSharry, Patrick and others},
  year={2006},
  publisher={Artech House},
  address={Boston}
}


@article{mar2011optimization,
  title={Optimization of ECG classification by means of feature selection},
  author={Mar, Tanis and Zaunseder, Sebastian and Martinez, Juan Pablo and Llamedo, Mariano and Poll, R{\"u}diger},
  journal={IEEE Transactions on Biomedical Engineering},
  volume={58},
  number={8},
  pages={2168--2177},
  year={2011},
  publisher={IEEE}
}



@article{hu1997patient,
  title={A patient-adaptable ECG beat classifier using a mixture of experts approach},
  author={Hu, Yu Hen and Palreddy, Surekha and Tompkins, Willis J},
  journal={IEEE Transactions on Biomedical Engineering},
  volume={44},
  number={9},
  pages={891--900},
  year={1997},
  publisher={IEEE}
}

@article{minami1999real,
  title={Real-time discrimination of ventricular tachyarrhythmia with Fourier-transform neural network},
  author={Minami, Kei-ichiro and Nakajima, Hiroshi and Toyoshima, Takeshi},
  journal={IEEE Transactions on Biomedical Engineering},
  volume={46},
  number={2},
  pages={179--185},
  year={1999},
  publisher={IEEE}
}

@article{osowski2001ecg,
  title={ECG beat recognition using fuzzy hybrid neural network},
  author={Osowski, Stanislaw and Linh, Tran Hoai},
  journal={IEEE Transactions on Biomedical Engineering},
  volume={48},
  number={11},
  pages={1265--1271},
  year={2001},
  publisher={IEEE}
}



@article{rodriguez2012unsupervised,
  title={Unsupervised feature relevance analysis applied to improve ECG heartbeat clustering},
  author={Rodr{\'\i}guez-Sotelo, Jos{\'e} Luis and Peluffo-Ordonez, D and Cuesta-Frau, David and Castellanos-Dom{\'\i}nguez, Germ{\'a}n},
  journal={Computer methods and programs in biomedicine},
  volume={108},
  number={1},
  pages={250--261},
  year={2012},
  publisher={Elsevier}
}

@article{yeh2012analyzing,
  title={Analyzing ECG for cardiac arrhythmia using cluster analysis},
  author={Yeh, Yun-Chi and Chiou, Che Wun and Lin, Hong-Jhih},
  journal={Expert Systems with Applications},
  volume={39},
  number={1},
  pages={1000--1010},
  year={2012},
  publisher={Elsevier}
}

@article{bezdek1998some,
  title={Some new indexes of cluster validity},
  author={Bezdek, James C and Pal, Nikhil R},
  journal={Systems, Man, and Cybernetics, Part B:  IEEE Transactions on Cybernetics},
  volume={28},
  number={3},
  pages={301--315},
  year={1998},
  publisher={IEEE}
}

@inproceedings{ngiam2011optimization,
  title={On optimization methods for deep learning},
  author={Ngiam, Jiquan and Coates, Adam and Lahiri, Ahbik and Prochnow, Bobby and Le, Quoc V and Ng, Andrew Y},
  booktitle={Proceedings of the 28th International Conference on Machine Learning (ICML-11)},
  pages={265--272},
  year={2011}
}

@article{ufldl,
    author = {Ng, Andrew and Ngiam, Jiquan and Foo, Chuan Y. and Mai, Yifan and Suen, Caroline},
    citeulike-article-id = {10240147},
    journal = {http://ufldl.stanford.edu/wiki/index.php/UFLDL\_Tutorial},
    posted-at = {2012-01-18 18:40:44},
    priority = {2},
    title = {{UFLDL Tutorial}},
    year = {2010}
}


@inproceedings{zou2012deep,
  title={Deep learning of invariant features via simulated fixations in video},
  author={Zou, Will and Zhu, Shenghuo and Yu, Kai and Ng, Andrew Y},
  booktitle={Advances in Neural Information Processing Systems},
  pages={3212--3220},
  year={2012}
}

@book{bishop2006pattern,
  title={Pattern recognition and machine learning},
  author={Bishop, Christopher M and others},
  volume={4},
  number={4},
  year={2006},
  publisher={springer New York}
}

@article{bengio2009learning,
  title={Learning deep architectures for AI},
  author={Bengio, Yoshua},
  journal={Foundations and trends{\textregistered} in Machine Learning},
  volume={2},
  number={1},
  pages={1--127},
  year={2009},
  publisher={Now Publishers Inc.}
}

@article{bengio2007greedy,
  title={Greedy layer-wise training of deep networks},
  author={Bengio, Yoshua and Lamblin, Pascal and Popovici, Dan and Larochelle, Hugo and others},
  journal={Advances in neural information processing systems},
  volume={19},
  pages={153},
  year={2007},
  publisher={MIT; 1998}
}

@article{hinton2006reducing,
  title={Reducing the dimensionality of data with neural networks},
  author={Hinton, Geoffrey E and Salakhutdinov, Ruslan R},
  journal={Science},
  volume={313},
  number={5786},
  pages={504--507},
  year={2006},
  publisher={American Association for the Advancement of Science}
}

@book{duda2012pattern,
  title={Pattern classification},
  author={Duda, Richard O and Hart, Peter E and Stork, David G},
  year={2012},
  publisher={John Wiley \& Sons}
}

@inproceedings{silipo1996supervised,
  title={Supervised and unsupervised learning for diagnostic ECG classification},
  author={Silipo, Rosaria and Bortolan, Giovanni and Marchesi, Carlo},
  booktitle={Engineering in Medicine and Biology Society, 1996. Bridging Disciplines for Biomedicine. Proceedings of the 18th Annual International Conference of the IEEE},
  volume={3},
  pages={931--932},
  year={1996},
  organization={IEEE}
}

@article{lagerholm2000clustering,
  title={Clustering ECG complexes using Hermite functions and self-organizing maps},
  author={Lagerholm, Martin and Peterson, Carsten and Braccini, Guido and Edenbrandt, Lars and S{\"o}rnmo, Leif},
  journal={IEEE Transactions on Biomedical Engineering},
  volume={47},
  number={7},
  pages={838--848},
  year={2000},
  publisher={IEEE}
}



@webpage{clifford2006web,
	title  = {Advanced Tools for ECG Analysis},
	author = {Clifford, Gari D and Azuaje, Francisco and McScharry},
	url = {http://www.ecgtools.org/},
	year={2006},
	month={September}
}

@book{silva2011dsp,
  title={A DSP Practical Application: Working on ECG Signal},
  author={Silva, Cristian Vidal and Philominraj, Andrew and del R{\'\i}o, Carolina},
  year={2011},
  publisher={INTECH Open Access Publisher},
  address={}
}

@article{ai1996studies,
  title={[Studies on the time domain and power spectrum of high frequency ECG in normal mice]},
  author={Ai, HB and Cui, XY and Tang, L and Zhu, WP and Ning, XB and Yang, XX},
  journal={Sheng li xue bao:[Acta physiologica Sinica]},
  volume={48},
  number={5},
  pages={512--516},
  year={1996}
}

@article{andreao2006ecg,
  title={ECG signal analysis through hidden Markov models},
  author={Andre{\~a}o, Rodrigo Varej{\~a}o and Dorizzi, Bernadette and Boudy, J{\'e}r{\^o}me},
  journal={IEEE Transactions on Biomedical Engineering},
  volume={53},
  number={8},
  pages={1541--1549},
  year={2006},
  publisher={IEEE}
}

@inproceedings{vullings1998automated,
  title={Automated ECG segmentation with dynamic time warping},
  author={Vullings, HJLM and Verhaegen, MHG and Verbruggen, H},
  booktitle={Engineering in Medicine and Biology Society, 1998. Proceedings of the 20th Annual International Conference of the IEEE},
  pages={163--166},
  year={1998},
  organization={IEEE}
}

@incollection{vullings1997ecg,
  title={ECG segmentation using time-warping},
  author={Vullings, HJLM and Verhaegen, MHG and Verbruggen, Henk B},
  booktitle={Advances in Intelligent Data Analysis Reasoning about Data},
  pages={275--285},
  year={1997},
  publisher={Springer}
}

@article{shinwari2012classification,
  title={Classification algorithm for feature extraction using Linear Discriminant Analysis and Cross-Correlation on ECG signals},
  author={Shinwari, Muhammad Fahad and Ahmed, Naveed and Humayun, Hassan and ul Haq, Ihsan and Haider, Sajjad and ul Anam, Atiq},
  journal={International Journal of Advanced Science and Technology},
  volume={48},
  pages={149--161},
  year={2012},
  publisher={보안공학연구지원센터 (IJAST)}
}

@inproceedings{krasteva2014classification,
  title={Classification of supraventricular and ventricular beats by QRS template matching and decision tree},
  author={Krasteva, Vessela and Leber, Remo and Jekova, Irena and Schmid, Ramun and Abacherli, Roger},
  booktitle={Computing in Cardiology Conference (CinC), 2014},
  pages={349--352},
  year={2014},
  organization={IEEE}
}

@article{engin2004ecg,
  title={ECG beat classification using neuro-fuzzy network},
  author={Engin, Mehmet},
  journal={Pattern Recognition Letters},
  volume={25},
  number={15},
  pages={1715--1722},
  year={2004},
  publisher={Elsevier}
}

@article{vafaie2014heart,
  title={Heart diseases prediction based on ECG signals’ classification using a genetic-fuzzy system and dynamical model of ECG signals},
  author={Vafaie, MH and Ataei, M and Koofigar, HR},
  journal={Biomedical Signal Processing and Control},
  volume={14},
  pages={291--296},
  year={2014},
  publisher={Elsevier}
}

@article{homaeinezhad2012ecg,
  title={ECG arrhythmia recognition via a neuro-SVM--KNN hybrid classifier with virtual QRS image-based geometrical features},
  author={Homaeinezhad, Mohammad R and Atyabi, SA and Tavakkoli, E and Toosi, Hamid Najjaran and Ghaffari, Ali and Ebrahimpour, Reza},
  journal={Expert Systems with Applications},
  volume={39},
  number={2},
  pages={2047--2058},
  year={2012},
  publisher={Elsevier}
}

@inproceedings{vanitha2013hybrid,
  title={Hybrid SVM classification technique to detect mental stress in human beings using ECG signals},
  author={Vanitha, L and Suresh, GR},
  booktitle={Advanced Computing and Communication Systems (ICACCS), 2013 International Conference on},
  pages={1--6},
  year={2013},
  organization={IEEE}
}

@article{ubeyli2007ecg,
  title={ECG beats classification using multiclass support vector machines with error correcting output codes},
  author={{\"U}beyli, Elif Derya},
  journal={Digital Signal Processing},
  volume={17},
  number={3},
  pages={675--684},
  year={2007},
  publisher={Elsevier}
}

@article{charfi2012comparative,
  title={Comparative study of ECG classification performance using decision tree algorithms},
  author={Charfi, Faiza and Kraiem, Ali},
  journal={International Journal of E-Health and Medical Communications (IJEHMC)},
  volume={3},
  number={4},
  pages={102--120},
  year={2012},
  publisher={IGI Global}
}

@article{sayadi2009model,
  title={A model-based Bayesian framework for ECG beat segmentation},
  author={Sayadi, O and Shamsollahi, MB},
  journal={Physiological Measurement},
  volume={30},
  number={3},
  pages={335},
  year={2009},
  publisher={IOP Publishing}
}

@article{PhysioNet,
 author = "Goldberger, A. L. and Amaral, L. A. N. and Glass, L. and
	   Hausdorff, J. M. and Ivanov, P. Ch. and Mark, R. G. and
	   Mietus, J. E. and Moody, G. B. and Peng, C.-K. and Stanley, H. E.",
 title = "{PhysioBank, PhysioToolkit, and PhysioNet}: Components of a New
	  Research Resource for Complex Physiologic Signals",
 journal = "Circulation",
 year = "2000",
 volume = "101",
 number = "23",
 pages = "e215--e220",
}
         
@article{zigel2000weighted,
  title={The weighted diagnostic distortion (WDD) measure for ECG signal compression},
  author={Zigel, Yaniv and Cohen, Arnon and Katz, Amos},
  journal={IEEE Transactions on Biomedical Engineering},
  volume={47},
  number={11},
  pages={1422--1430},
  year={2000},
  publisher={IEEE}
}

@ARTICLE{melgan, 
author={Melgani, F. and Bazi, Y.}, 
journal={IEEE Transactions on Information Technology in Biomedicine}, 
title={Classification of Electrocardiogram Signals With Support Vector Machines and Particle Swarm Optimization}, 
year={2008}, 
month={Sept}, 
volume={12}, 
number={5}, 
pages={667-677}, 
doi={10.1109/TITB.2008.923147}, 
ISSN={1089-7771},}

@article{de2004automatic,
  title={Automatic classification of heartbeats using ECG morphology and heartbeat interval features},
  author={De Chazal, Philip and O'Dwyer, Maria and Reilly, Richard B},
  journal={IEEE Transactions on Biomedical Engineering},
  volume={51},
  number={7},
  pages={1196--1206},
  year={2004},
  publisher={IEEE}
}

@ARTICLE{chaza,
  Title                    = {Automatic classification of heartbeats using ECG morphology and heartbeat interval features},
  Author                   = {Chazal, P. and O'Dwyer, M. and Reilly, R.B.},
  Journal                  = {IEEE Transactions on Biomedical Engineering},
  Year                     = {2004},
  Number                   = {7},
  Pages                    = {1196-1206},
  Volume                   = {51}
}

@article{gacek2003genetic,
  title={A genetic segmentation of ECG signals},
  author={Gacek, Adam and Pedrycz, Witold},
  journal={IEEE Transactions on Biomedical Engineering},
  volume={50},
  number={10},
  pages={1203--1208},
  year={2003},
  publisher={IEEE}
}

@ARTICLE{jiang2007block,
  Title                    = {Block-Based Neural Networks for Personalized ECG Signal Classification},
  Author                   = {Wei Jiang and Kong, S.G.},
  Journal                  = {IEEE Transactions on Neural Networks},
  Year                     = {2007},
  Number                   = {6},
  Pages                    = {1750-1761},
  Volume                   = {18}
}

@article{blanco2008ecg,
  title={ECG signal denoising and baseline wander correction based on the empirical mode decomposition},
  author={Blanco-Velasco, Manuel and Weng, Binwei and Barner, Kenneth E},
  journal={Computers in biology and medicine},
  volume={38},
  number={1},
  pages={1--13},
  year={2008},
  publisher={Elsevier}
}

@inproceedings{mark1982annotated,
  title={An annotated ECG database for evaluating arrhythmia detectors},
  author={Mark, RG and Schluter, PS and Moody, G and Devlin, P and Chernoff, D},
  booktitle={IEEE Transactions on Biomedical Engineering},
  volume={29},
  number={8},
  pages={600--600},
  year={1982}
  }

@inproceedings{moody1990bih,
  title={The MIT-BIH arrhythmia database on CD-ROM and software for use with it},
  author={Moody, George B and Mark, Roger G},
  booktitle={Computers in Cardiology 1990, Proceedings.},
  pages={185--188},
  year={1990}
} 









@inproceedings{erhan,
  title={The difficulty of training deep architectures and the effect of unsupervised pre-training},
  author={Erhan, Dumitru and Manzagol, Pierre-Antoine and Bengio, Yoshua and Bengio, Samy and Vincent, Pascal},
  booktitle={International Conference on Artificial Intelligence and Statistics},
  pages={153--160},
  year={2009}
}


@inproceedings{collobert,
  title={A unified architecture for natural language processing: Deep neural networks with multitask learning},
  author={Collobert, Ronan and Weston, Jason},
  booktitle={Proceedings of the 25th international conference on Machine learning},
  pages={160-167},
  year={2008},
  organization={ACM}
}

